@misc{Amazon,
  title = {Amazon prime air},
  note = {\url{https://www.amazon.com/b?node=8037720011}},
}

@misc{Wardriving,
  title = {Wardriving attack},
  note = {\url{https://en.wikipedia.org/wiki/Wardriving}},
}

@misc{Jdcom,
  title = {JD.com Drone Delivery Program},
  note = {\url{http://fortune.com/2016/11/14/jd-china-drone-delivery-singles-day/}},
}

@misc{noflyzone,
  title = {No fly zone},
  note = {\url{https://en.wikipedia.org/wiki/No-fly_zone}},
}

@misc{seaspoof,
  title = {Researchers successfully spoof an 80-million yacht at sea},
  note = {\url{https://news.utexas.edu/2013/07/29/ut-austin-researchers-successfully-spoof-an-80-million-yacht-at-sea}},
}


@inproceedings{tippenhauer2011requirements,
  title={On the requirements for successful GPS spoofing attacks},
  author={Tippenhauer, Nils Ole and P{\"o}pper, Christina and Rasmussen, Kasper Bonne and Capkun, Srdjan},
  booktitle={Proc. of CCS},
  pages={75--86},
  year={2011},
  organization={ACM}
}

@article{Defcon,
  title = {Low cost GPS simulator: GPS spoofing by SDR},
  author={Huang, Ling and Yang, Qing},
  journal={DEFCON},
  year={2015}
}

@article{XiaoZhou,
  title = {Enabling Secure Location Authentication in Drone},
  author={Xiao, Feng and Zhou, Man and Liye, Youcheng and Yang, Jingxiao and Wang, Qian},
  note = {\url{https://youtu.be/q3YT-Ehj9Yk}},
  year={2017}
}

@article{wang2015time,
  title={Time and position spoofing with open source projects},
  author={Wang, Kang and Chen, Shuhua and Pan, Aimin},
  journal={Black Hat Europe},
  volume={148},
  year={2015}
}

@article{schmidt2016survey,
  title={A survey and analysis of the gnss spoofing threat and countermeasures},
  author={Schmidt, Desmond and Radke, Kenneth and Camtepe, Seyit and Foo, Ernest and Ren, Micha{\l}},
  journal={ACM Computing Surveys (CSUR)},
  volume={48},
  number={4},
  pages={64},
  year={2016},
  publisher={ACM}
}

@inproceedings{yang2012locating,
  title={Locating in fingerprint space: wireless indoor localization with little human intervention},
  author={Yang, Zheng and Wu, Chenshu and Liu, Yunhao},
  booktitle={Proc. of MobiCom},
  pages={269--280},
  year={2012},
  organization={ACM}
}

@inproceedings{tippenhauer2009attacks,
  title={Attacks on public WLAN-based positioning systems},
  author={Tippenhauer, Nils Ole and Rasmussen, Kasper Bonne and P{\"o}pper, Christina and Capkun, Srdjan},
  booktitle={Proc. of MobiSys},
  pages={29--40},
  year={2009},
  organization={ACM}
}